@article{xue2017significant,
  title={Significant remote sensing vegetation indices: A review of developments and applications},
  author={Xue, Jinru and Su, Baofeng and others},
  journal={Journal of sensors},
  volume={2017},
  year={2017},
  publisher={Hindawi}
}

@article{siegmund2005fernes,
  title={Fernes nah gebracht--Satelliten-und Luftbildeinsatz zur Analyse von Umweltver{\"a}nderungen im Geographieunterricht},
  author={Siegmund, Alexander and Menz, G},
  journal={Geographie und Schule},
  volume={154},
  number={4},
  pages={2--10},
  year={2005}
}

@article{huete2002overview,
  title={Overview of the radiometric and biophysical performance of the MODIS vegetation indices},
  author={Huete, Alfredo and Didan, Kamel and Miura, Tomoaki and Rodriguez, E Patricia and Gao, Xiang and Ferreira, Laerte G},
  journal={Remote sensing of environment},
  volume={83},
  number={1-2},
  pages={195--213},
  year={2002},
  publisher={Elsevier}
}

@article{huete1988soil,
  title={A soil-adjusted vegetation index (SAVI)},
  author={Huete, Alfredo R},
  journal={Remote sensing of environment},
  volume={25},
  number={3},
  pages={295--309},
  year={1988},
  publisher={Elsevier}
}

@article{yang2022enhanced,
  title={Enhanced mangrove vegetation index based on hyperspectral images for mapping mangrove},
  author={Yang, Gang and Huang, Ke and Sun, Weiwei and Meng, Xiangchao and Mao, Dehua and Ge, Yong},
  journal={ISPRS Journal of Photogrammetry and Remote Sensing},
  volume={189},
  pages={236--254},
  year={2022},
  publisher={Elsevier}
}

@article{escuin2008fire,
  title={Fire severity assessment by using NBR (Normalized Burn Ratio) and NDVI (Normalized Difference Vegetation Index) derived from LANDSAT TM/ETM images},
  author={Escuin, S and Navarro, R and Fern{\'a}ndez, P},
  journal={International Journal of Remote Sensing},
  volume={29},
  number={4},
  pages={1053--1073},
  year={2008},
  publisher={Taylor \& Francis}
}

@article{gorelick2017google,
  title={Google Earth Engine: Planetary-scale geospatial analysis for everyone},
  author={Gorelick, Noel and Hancher, Matt and Dixon, Mike and Ilyushchenko, Simon and Thau, David and Moore, Rebecca},
  journal={Remote sensing of Environment},
  volume={202},
  pages={18--27},
  year={2017},
  publisher={Elsevier}
}